<collection xmlns="http://www.loc.gov/MARC21/slim">
<record>
  <leader>01850nam0a2200301 i 450 </leader>
  <controlfield tag="001">IT\ICCU\CNCE\062112</controlfield>
  <controlfield tag="005">20160217000000.0</controlfield>
  <datafield tag="012" ind1=" " ind2=" ">
    <subfield code="a">n-i, c.si s:*. idfi (3) 1595 (R)</subfield>
    <subfield code="2">fei</subfield>
  </datafield>
  <datafield tag="100" ind1=" " ind2=" ">
    <subfield code="a">20051026d1595        0itac0103    ba</subfield>
  </datafield>
  <datafield tag="101" ind1=" " ind2=" ">
    <subfield code="a">LAT</subfield>
  </datafield>
  <datafield tag="102" ind1=" " ind2=" ">
    <subfield code="a">IT</subfield>
  </datafield>
  <datafield tag="200" ind1="1" ind2=" ">
    <subfield code="a">Responsa diuersorum super statutis Mutinae exclusiuis foeminarum, in quibus latissime examinatur quaestio illa, an filiae exclusae a successione matris stantib. masculis debeatur dos de bonis maternis, non obstante quod fuerit a fratre dotata in bonis paternis, ante mortem matris</subfield>
  </datafield>
  <datafield tag="210" ind1=" " ind2=" ">
    <subfield code="a">\Modena</subfield>
    <subfield code="c">Francesco Gadaldini!</subfield>
    <subfield code="d">1595</subfield>
  </datafield>
  <datafield tag="215" ind1=" " ind2=" ">
    <subfield code="a">59 \i.e. 61!, \3! p.</subfield>
    <subfield code="d">fol</subfield>
  </datafield>
  <datafield tag="300" ind1=" " ind2=" ">
    <subfield code="a">Stampato presumibilmente a Modena da Giovanni Maria Verdi che sembra aver utilizzato un front. e la marca di Francesco Gadaldini cfr.: http://www.fondiantichi.unimo.it/fa/Gadaldini/000_750173/attribuz.html</subfield>
  </datafield>
  <datafield tag="620" ind1=" " ind2=" ">
    <subfield code="a">IT</subfield>
    <subfield code="d">Modena</subfield>
  </datafield>
  <datafield tag="712" ind1="0" ind2="0">
    <subfield code="a">Gadaldini, Francesco</subfield>
    <subfield code="3">IT\ICCU\CNCT\000842</subfield>
    <subfield code="4">650</subfield>
  </datafield>
  <datafield tag="712" ind1="0" ind2="0">
    <subfield code="a">Verdi, Giovanni Maria</subfield>
    <subfield code="3">IT\ICCU\CNCT\001473</subfield>
    <subfield code="4">650</subfield>
  </datafield>
  <datafield tag="791" ind1="0" ind2="0">
    <subfield code="a">Gadaldino, Francesco</subfield>
    <subfield code="3">IT\ICCU\CNCT\004808</subfield>
    <subfield code="z">Gadaldini, Francesco</subfield>
  </datafield>
  <datafield tag="791" ind1="0" ind2="0">
    <subfield code="a">Gadaldinus, Franciscus</subfield>
    <subfield code="3">IT\ICCU\CNCT\004809</subfield>
    <subfield code="z">Gadaldini, Francesco</subfield>
  </datafield>
  <datafield tag="791" ind1="0" ind2="0">
    <subfield code="a">Verde, Giovanni Maria</subfield>
    <subfield code="3">IT\ICCU\CNCT\002937</subfield>
    <subfield code="z">Verdi, Giovanni Maria</subfield>
  </datafield>
  <datafield tag="791" ind1="0" ind2="0">
    <subfield code="a">De_Verdis, Ioannes Maria</subfield>
    <subfield code="3">IT\ICCU\CNCT\002938</subfield>
    <subfield code="z">Verdi, Giovanni Maria</subfield>
  </datafield>
  <datafield tag="801" ind1=" " ind2="3">
    <subfield code="a">IT</subfield>
    <subfield code="b">ICCU</subfield>
    <subfield code="c">20201115</subfield>
  </datafield>
  <datafield tag="899" ind1=" " ind2=" ">
    <subfield code="a">Biblioteca  Panizzi. Reggio Emilia</subfield>
    <subfield code="1">RE0052</subfield>
    <subfield code="2">RE2 PA</subfield>
  </datafield>
  <datafield tag="899" ind1=" " ind2=" ">
    <subfield code="a">Biblioteca del Senato della Repubblica Giovanni Spadolini. Roma</subfield>
    <subfield code="1">RM0427</subfield>
    <subfield code="2">ZRM 12</subfield>
  </datafield>
  <datafield tag="899" ind1=" " ind2=" ">
    <subfield code="a">Biblioteca Norberto Bobbio dell&apos;Universit ̉degli Studi di Torino. Torino</subfield>
    <subfield code="1">TO1203</subfield>
    <subfield code="2">UTO BB</subfield>
  </datafield>
  <datafield tag="911" ind1=" " ind2=" ">
    <subfield code="a">Sul front.</subfield>
    <subfield code="9">IT\ICCU\CNCM\001970</subfield>
  </datafield>
  <datafield tag="921" ind1=" " ind2=" ">
    <subfield code="a">IT\ICCU\CNCM\001970</subfield>
    <subfield code="b">Maestro e allievo. In cornice figurata</subfield>
    <subfield code="e">Non mihi sed tibi fili</subfield>
    <subfield code="c">U568</subfield>
    <subfield code="d">Dimensioni: 10 x 12,3</subfield>
    <subfield code="f">MAESTRO</subfield>
    <subfield code="f">ALLIEVO</subfield>
    <subfield code="f">NONMIHISED</subfield>
    <subfield code="g">1556-1596</subfield>
  </datafield>
</record>
</collection>
